Do not remove: control reference for removing "--- ---" for ibid's
@IEEEtranBSTCTL{biblio:BSTcontrol,
  CTLdash_repeated_names = "no"
}

Place your bibliography below this line:
----------------------------------------

@misc{ Nobody06,
       author = "Nobody Jr",
       title = "My Article",
       year = "2006",
       }