Do not remove: control reference for removing "--- ---" for ibid's
@IEEEtranBSTCTL{biblio:BSTcontrol,
  CTLdash_repeated_names = "no"
}

Place your bibliography below this line:
----------------------------------------

@misc{ Nobody06,
       author = "Nobody Jr",
       title = "My Article",
       year = "2006",
       }
       
       [1]. V. N. Richard and R. Prasad, OFDM wireless multimedia communication, Artech House Boston, 2000.
       
       
       
       [2] N. Benvenuto , R. Dinis , D. Falconer and S. Tomasin "Single carrier modulation with nonlinear frequency domain equalization: an idea whose time has come?again", Proc. IEEE, vol. 98, no. 1, pp.69 -96, Jan. 2010. [3] E. Nemer , "Effective multi-mode equalization for ATSC receivers," Consumer Communications and Networking Conference, 2006. CCNC 2006. 3rd IEEE , vol.2, no., pp.854,858, 8-10 Jan. 2006[4] f. harris, X. Chen, E. Venosa, B. Rao, "Selection diversity and linear equalization over frequency selective channels for single carrier filter bank- based transmissions," Acoustics, Speech and Signal Processing (ICASSP), 2014 IEEE International Conference on , vol., no., pp.5779,5783, 4-9 May 2014[5] ?X. Chen, f. harris, E. Venosa, B. Rao, "Non-Maximally Decimated?Analysis/Synthesis Filter Banks: Applications in Wideband Digital Filtering, " Signal Processing, IEEE Transactions on, vol. 62, no. 4, pp. 852, 867, Feb. 15,?201[6] ?S. Qureshi, "Adaptive equalization", Proc. IEEE, vol. 73, pp.1349 -?1387 1985[7] J.G. Proakis, Digital Communications, 4th Ed., McGrawHill Higher Education, 2001, ISBN: 0071181830[8] T. A. Ramstad, "Cosine-modulated analysis-synthesis filter bank with critical sampling and perfect reconstruction", Proc. Int. Conf. Acoustics, Speech and Signal Processing, pp. 1789-1792, 1991.[9] Y. Lin and P. P. Vaidyanathan, "Linear phase cosine modulated maximally decimated filter banks with perfect reconstruction", IEEE Trans. Signal Processing, vol. 43, pp. 2525 -2539 1995.[10] Karp, T.; Fliege, N.J.; , "Modified DFT filter banks with perfect reconstruction," Circuits and Systems II: Analog and Digital Signal Processing, IEEE Transactions on , vol.46, no.11, pp.1404-1414, Nov 1999, [11] f. harris, X. Chen, E. Venosa and B.D. Rao, ?Wideband 160-channel polyphase filter bank cable TV channeliser,? Signal Processing, IET, volume 5, issue 3, pp. 325-332, June 2011.?X. Chen, f. harris, E. Venosa, B. Rao, "Non-Maximally Decimated?Analysis/Synthesis Filter Banks: Applications in Wideband Digital Filtering, " Signal Processing, IEEE Transactions on, vol. 62, no. 4, pp. 852, 867, Feb. 15,?201?S. Qureshi, "Adaptive equalization", Proc. IEEE, vol. 73, pp.1349 -?1387 1985